%YAML 1.1
%TAG !u! tag:unity3d.com,2011:
--- !u!29 &1
OcclusionCullingSettings:
  m_ObjectHideFlags: 0
  serializedVersion: 2
  m_OcclusionBakeSettings:
    smallestOccluder: 5
    smallestHole: 0.25
    backfaceThreshold: 100
  m_SceneGUID: 00000000000000000000000000000000
  m_OcclusionCullingData: {fileID: 0}
--- !u!104 &2
RenderSettings:
  m_ObjectHideFlags: 0
  serializedVersion: 9
  m_Fog: 0
  m_FogColor: {r: 0.5, g: 0.5, b: 0.5, a: 1}
  m_FogMode: 3
  m_FogDensity: 0.01
  m_LinearFogStart: 0
  m_LinearFogEnd: 300
  m_AmbientSkyColor: {r: 0.212, g: 0.227, b: 0.259, a: 1}
  m_AmbientEquatorColor: {r: 0.114, g: 0.125, b: 0.133, a: 1}
  m_AmbientGroundColor: {r: 0.047, g: 0.043, b: 0.035, a: 1}
  m_AmbientIntensity: 1
  m_AmbientMode: 0
  m_SubtractiveShadowColor: {r: 0.42, g: 0.478, b: 0.627, a: 1}
  m_SkyboxMaterial: {fileID: 10304, guid: 0000000000000000f000000000000000, type: 0}
  m_HaloStrength: 0.5
  m_FlareStrength: 1
  m_FlareFadeSpeed: 3
  m_HaloTexture: {fileID: 0}
  m_SpotCookie: {fileID: 10001, guid: 0000000000000000e000000000000000, type: 0}
  m_DefaultReflectionMode: 0
  m_DefaultReflectionResolution: 128
  m_ReflectionBounces: 1
  m_ReflectionIntensity: 1
  m_CustomReflection: {fileID: 0}
  m_Sun: {fileID: 0}
  m_IndirectSpecularColor: {r: 0.44676405, g: 0.49663115, b: 0.57493097, a: 1}
  m_UseRadianceAmbientProbe: 0
--- !u!157 &3
LightmapSettings:
  m_ObjectHideFlags: 0
  serializedVersion: 11
  m_GIWorkflowMode: 1
  m_GISettings:
    serializedVersion: 2
    m_BounceScale: 1
    m_IndirectOutputScale: 1
    m_AlbedoBoost: 1
    m_TemporalCoherenceThreshold: 1
    m_EnvironmentLightingMode: 0
    m_EnableBakedLightmaps: 1
    m_EnableRealtimeLightmaps: 1
  m_LightmapEditorSettings:
    serializedVersion: 10
    m_Resolution: 2
    m_BakeResolution: 40
    m_AtlasSize: 1024
    m_AO: 0
    m_AOMaxDistance: 1
    m_CompAOExponent: 1
    m_CompAOExponentDirect: 0
    m_Padding: 2
    m_LightmapParameters: {fileID: 0}
    m_LightmapsBakeMode: 1
    m_TextureCompression: 1
    m_FinalGather: 0
    m_FinalGatherFiltering: 1
    m_FinalGatherRayCount: 256
    m_ReflectionCompression: 2
    m_MixedBakeMode: 2
    m_BakeBackend: 0
    m_PVRSampling: 1
    m_PVRDirectSampleCount: 32
    m_PVRSampleCount: 500
    m_PVRBounces: 2
    m_PVRFilterTypeDirect: 0
    m_PVRFilterTypeIndirect: 0
    m_PVRFilterTypeAO: 0
    m_PVRFilteringMode: 1
    m_PVRCulling: 1
    m_PVRFilteringGaussRadiusDirect: 1
    m_PVRFilteringGaussRadiusIndirect: 5
    m_PVRFilteringGaussRadiusAO: 2
    m_PVRFilteringAtrousPositionSigmaDirect: 0.5
    m_PVRFilteringAtrousPositionSigmaIndirect: 2
    m_PVRFilteringAtrousPositionSigmaAO: 1
    m_ShowResolutionOverlay: 1
  m_LightingDataAsset: {fileID: 112000002, guid: 63e7f6cb6d36c114b8ed3f8a0abc6f87,
    type: 2}
  m_UseShadowmask: 1
--- !u!196 &4
NavMeshSettings:
  serializedVersion: 2
  m_ObjectHideFlags: 0
  m_BuildSettings:
    serializedVersion: 2
    agentTypeID: 0
    agentRadius: 0.5
    agentHeight: 2
    agentSlope: 45
    agentClimb: 0.4
    ledgeDropHeight: 0
    maxJumpAcrossDistance: 0
    minRegionArea: 2
    manualCellSize: 0
    cellSize: 0.16666667
    manualTileSize: 0
    tileSize: 256
    accuratePlacement: 0
    debug:
      m_Flags: 0
  m_NavMeshData: {fileID: 0}
--- !u!1 &13989632
GameObject:
  m_ObjectHideFlags: 0
  m_CorrespondingSourceObject: {fileID: 1410880384113558, guid: b471d26a5eac87b4086c90c7c0b76f4e,
    type: 2}
  m_PrefabInternal: {fileID: 1419827006}
  serializedVersion: 6
  m_Component:
  - component: {fileID: 13989636}
  - component: {fileID: 13989635}
  - component: {fileID: 13989634}
  - component: {fileID: 13989633}
  m_Layer: 0
  m_Name: PTK_Cube_1 (1)
  m_TagString: Untagged
  m_Icon: {fileID: 0}
  m_NavMeshLayer: 0
  m_StaticEditorFlags: 0
  m_IsActive: 1
--- !u!64 &13989633
MeshCollider:
  m_ObjectHideFlags: 0
  m_CorrespondingSourceObject: {fileID: 64864707485037938, guid: b471d26a5eac87b4086c90c7c0b76f4e,
    type: 2}
  m_PrefabInternal: {fileID: 1419827006}
  m_GameObject: {fileID: 13989632}
  m_Material: {fileID: 0}
  m_IsTrigger: 0
  m_Enabled: 1
  serializedVersion: 3
  m_Convex: 0
  m_CookingOptions: 14
  m_SkinWidth: 0.01
  m_Mesh: {fileID: 4300000, guid: 144fafb731a4b4944b48596f3688afb4, type: 3}
--- !u!23 &13989634
MeshRenderer:
  m_ObjectHideFlags: 0
  m_CorrespondingSourceObject: {fileID: 23777305934327796, guid: b471d26a5eac87b4086c90c7c0b76f4e,
    type: 2}
  m_PrefabInternal: {fileID: 1419827006}
  m_GameObject: {fileID: 13989632}
  m_Enabled: 1
  m_CastShadows: 0
  m_ReceiveShadows: 1
  m_DynamicOccludee: 1
  m_MotionVectors: 1
  m_LightProbeUsage: 1
  m_ReflectionProbeUsage: 1
  m_RenderingLayerMask: 4294967295
  m_Materials:
  - {fileID: 2100000, guid: f36bc83af7f442f4bb065c8dff3dda31, type: 2}
  m_StaticBatchInfo:
    firstSubMesh: 0
    subMeshCount: 0
  m_StaticBatchRoot: {fileID: 0}
  m_ProbeAnchor: {fileID: 0}
  m_LightProbeVolumeOverride: {fileID: 0}
  m_ScaleInLightmap: 1
  m_PreserveUVs: 0
  m_IgnoreNormalsForChartDetection: 0
  m_ImportantGI: 0
  m_StitchLightmapSeams: 0
  m_SelectedEditorRenderState: 3
  m_MinimumChartSize: 4
  m_AutoUVMaxDistance: 0.5
  m_AutoUVMaxAngle: 89
  m_LightmapParameters: {fileID: 0}
  m_SortingLayerID: 0
  m_SortingLayer: 0
  m_SortingOrder: 0
--- !u!33 &13989635
MeshFilter:
  m_ObjectHideFlags: 0
  m_CorrespondingSourceObject: {fileID: 33084753008688638, guid: b471d26a5eac87b4086c90c7c0b76f4e,
    type: 2}
  m_PrefabInternal: {fileID: 1419827006}
  m_GameObject: {fileID: 13989632}
  m_Mesh: {fileID: 4300000, guid: 144fafb731a4b4944b48596f3688afb4, type: 3}
--- !u!4 &13989636
Transform:
  m_ObjectHideFlags: 0
  m_CorrespondingSourceObject: {fileID: 4009654013808098, guid: b471d26a5eac87b4086c90c7c0b76f4e,
    type: 2}
  m_PrefabInternal: {fileID: 1419827006}
  m_GameObject: {fileID: 13989632}
  m_LocalRotation: {x: 0, y: 0, z: 0, w: 1}
  m_LocalPosition: {x: 265.918, y: 0, z: 241.83}
  m_LocalScale: {x: 1, y: 1, z: 1}
  m_Children: []
  m_Father: {fileID: 0}
  m_RootOrder: 3
  m_LocalEulerAnglesHint: {x: 0, y: 0, z: 0}
--- !u!1001 &250608799
Prefab:
  m_ObjectHideFlags: 0
  serializedVersion: 2
  m_Modification:
    m_TransformParent: {fileID: 0}
    m_Modifications:
    - target: {fileID: 4009654013808098, guid: b471d26a5eac87b4086c90c7c0b76f4e, type: 2}
      propertyPath: m_LocalPosition.x
      value: 269.92
      objectReference: {fileID: 0}
    - target: {fileID: 4009654013808098, guid: b471d26a5eac87b4086c90c7c0b76f4e, type: 2}
      propertyPath: m_LocalPosition.y
      value: 0
      objectReference: {fileID: 0}
    - target: {fileID: 4009654013808098, guid: b471d26a5eac87b4086c90c7c0b76f4e, type: 2}
      propertyPath: m_LocalPosition.z
      value: 239.85
      objectReference: {fileID: 0}
    - target: {fileID: 4009654013808098, guid: b471d26a5eac87b4086c90c7c0b76f4e, type: 2}
      propertyPath: m_LocalRotation.x
      value: 0
      objectReference: {fileID: 0}
    - target: {fileID: 4009654013808098, guid: b471d26a5eac87b4086c90c7c0b76f4e, type: 2}
      propertyPath: m_LocalRotation.y
      value: 0
      objectReference: {fileID: 0}
    - target: {fileID: 4009654013808098, guid: b471d26a5eac87b4086c90c7c0b76f4e, type: 2}
      propertyPath: m_LocalRotation.z
      value: 0
      objectReference: {fileID: 0}
    - target: {fileID: 4009654013808098, guid: b471d26a5eac87b4086c90c7c0b76f4e, type: 2}
      propertyPath: m_LocalRotation.w
      value: 1
      objectReference: {fileID: 0}
    - target: {fileID: 4009654013808098, guid: b471d26a5eac87b4086c90c7c0b76f4e, type: 2}
      propertyPath: m_RootOrder
      value: 13
      objectReference: {fileID: 0}
    - target: {fileID: 1410880384113558, guid: b471d26a5eac87b4086c90c7c0b76f4e, type: 2}
      propertyPath: m_Name
      value: PTK_Cube_1 (14)
      objectReference: {fileID: 0}
    - target: {fileID: 23777305934327796, guid: b471d26a5eac87b4086c90c7c0b76f4e,
        type: 2}
      propertyPath: m_Materials.Array.data[0]
      value: 
      objectReference: {fileID: 2100000, guid: dd594aa7b65105b4f830bddd556f66fa, type: 2}
    m_RemovedComponents: []
  m_SourcePrefab: {fileID: 100100000, guid: b471d26a5eac87b4086c90c7c0b76f4e, type: 2}
  m_RootGameObject: {fileID: 648933540}
  m_IsPrefabAsset: 0
--- !u!1 &281874693
GameObject:
  m_ObjectHideFlags: 0
  m_CorrespondingSourceObject: {fileID: 1410880384113558, guid: b471d26a5eac87b4086c90c7c0b76f4e,
    type: 2}
  m_PrefabInternal: {fileID: 331714107}
  serializedVersion: 6
  m_Component:
  - component: {fileID: 281874697}
  - component: {fileID: 281874696}
  - component: {fileID: 281874695}
  - component: {fileID: 281874694}
  m_Layer: 0
  m_Name: PTK_Cube_1 (3)
  m_TagString: Untagged
  m_Icon: {fileID: 0}
  m_NavMeshLayer: 0
  m_StaticEditorFlags: 0
  m_IsActive: 1
--- !u!64 &281874694
MeshCollider:
  m_ObjectHideFlags: 0
  m_CorrespondingSourceObject: {fileID: 64864707485037938, guid: b471d26a5eac87b4086c90c7c0b76f4e,
    type: 2}
  m_PrefabInternal: {fileID: 331714107}
  m_GameObject: {fileID: 281874693}
  m_Material: {fileID: 0}
  m_IsTrigger: 0
  m_Enabled: 1
  serializedVersion: 3
  m_Convex: 0
  m_CookingOptions: 14
  m_SkinWidth: 0.01
  m_Mesh: {fileID: 4300000, guid: 144fafb731a4b4944b48596f3688afb4, type: 3}
--- !u!23 &281874695
MeshRenderer:
  m_ObjectHideFlags: 0
  m_CorrespondingSourceObject: {fileID: 23777305934327796, guid: b471d26a5eac87b4086c90c7c0b76f4e,
    type: 2}
  m_PrefabInternal: {fileID: 331714107}
  m_GameObject: {fileID: 281874693}
  m_Enabled: 1
  m_CastShadows: 0
  m_ReceiveShadows: 1
  m_DynamicOccludee: 1
  m_MotionVectors: 1
  m_LightProbeUsage: 1
  m_ReflectionProbeUsage: 1
  m_RenderingLayerMask: 4294967295
  m_Materials:
  - {fileID: 2100000, guid: 3e9b40bb243ad504dbf2adbd0918b9f5, type: 2}
  m_StaticBatchInfo:
    firstSubMesh: 0
    subMeshCount: 0
  m_StaticBatchRoot: {fileID: 0}
  m_ProbeAnchor: {fileID: 0}
  m_LightProbeVolumeOverride: {fileID: 0}
  m_ScaleInLightmap: 1
  m_PreserveUVs: 0
  m_IgnoreNormalsForChartDetection: 0
  m_ImportantGI: 0
  m_StitchLightmapSeams: 0
  m_SelectedEditorRenderState: 3
  m_MinimumChartSize: 4
  m_AutoUVMaxDistance: 0.5
  m_AutoUVMaxAngle: 89
  m_LightmapParameters: {fileID: 0}
  m_SortingLayerID: 0
  m_SortingLayer: 0
  m_SortingOrder: 0
--- !u!33 &281874696
MeshFilter:
  m_ObjectHideFlags: 0
  m_CorrespondingSourceObject: {fileID: 33084753008688638, guid: b471d26a5eac87b4086c90c7c0b76f4e,
    type: 2}
  m_PrefabInternal: {fileID: 331714107}
  m_GameObject: {fileID: 281874693}
  m_Mesh: {fileID: 4300000, guid: 144fafb731a4b4944b48596f3688afb4, type: 3}
--- !u!4 &281874697
Transform:
  m_ObjectHideFlags: 0
  m_CorrespondingSourceObject: {fileID: 4009654013808098, guid: b471d26a5eac87b4086c90c7c0b76f4e,
    type: 2}
  m_PrefabInternal: {fileID: 331714107}
  m_GameObject: {fileID: 281874693}
  m_LocalRotation: {x: 0, y: 0, z: 0, w: 1}
  m_LocalPosition: {x: 268.62, y: 0, z: 241.83}
  m_LocalScale: {x: 1, y: 1, z: 1}
  m_Children: []
  m_Father: {fileID: 0}
  m_RootOrder: 5
  m_LocalEulerAnglesHint: {x: 0, y: 0, z: 0}
--- !u!1 &284845868
GameObject:
  m_ObjectHideFlags: 0
  m_CorrespondingSourceObject: {fileID: 0}
  m_PrefabInternal: {fileID: 0}
  serializedVersion: 6
  m_Component:
  - component: {fileID: 284845870}
  - component: {fileID: 284845869}
  m_Layer: 0
  m_Name: Directional Light
  m_TagString: Untagged
  m_Icon: {fileID: 0}
  m_NavMeshLayer: 0
  m_StaticEditorFlags: 0
  m_IsActive: 1
--- !u!108 &284845869
Light:
  m_ObjectHideFlags: 0
  m_CorrespondingSourceObject: {fileID: 0}
  m_PrefabInternal: {fileID: 0}
  m_GameObject: {fileID: 284845868}
  m_Enabled: 1
  serializedVersion: 8
  m_Type: 1
  m_Color: {r: 1, g: 0.95686275, b: 0.8392157, a: 1}
  m_Intensity: 1
  m_Range: 10
  m_SpotAngle: 30
  m_CookieSize: 10
  m_Shadows:
    m_Type: 2
    m_Resolution: -1
    m_CustomResolution: -1
    m_Strength: 1
    m_Bias: 0.05
    m_NormalBias: 0.4
    m_NearPlane: 0.2
  m_Cookie: {fileID: 0}
  m_DrawHalo: 0
  m_Flare: {fileID: 0}
  m_RenderMode: 0
  m_CullingMask:
    serializedVersion: 2
    m_Bits: 4294967295
  m_Lightmapping: 4
  m_LightShadowCasterMode: 0
  m_AreaSize: {x: 1, y: 1}
  m_BounceIntensity: 1
  m_ColorTemperature: 6570
  m_UseColorTemperature: 0
  m_ShadowRadius: 0
  m_ShadowAngle: 0
--- !u!4 &284845870
Transform:
  m_ObjectHideFlags: 0
  m_CorrespondingSourceObject: {fileID: 0}
  m_PrefabInternal: {fileID: 0}
  m_GameObject: {fileID: 284845868}
  m_LocalRotation: {x: 0.40821788, y: -0.23456968, z: 0.10938163, w: 0.8754261}
  m_LocalPosition: {x: 0, y: 3, z: 0}
  m_LocalScale: {x: 1, y: 1, z: 1}
  m_Children: []
  m_Father: {fileID: 0}
  m_RootOrder: 2
  m_LocalEulerAnglesHint: {x: 50, y: -30, z: 0}
--- !u!1001 &331714107
Prefab:
  m_ObjectHideFlags: 0
  serializedVersion: 2
  m_Modification:
    m_TransformParent: {fileID: 0}
    m_Modifications:
    - target: {fileID: 4009654013808098, guid: b471d26a5eac87b4086c90c7c0b76f4e, type: 2}
      propertyPath: m_LocalPosition.x
      value: 268.62
      objectReference: {fileID: 0}
    - target: {fileID: 4009654013808098, guid: b471d26a5eac87b4086c90c7c0b76f4e, type: 2}
      propertyPath: m_LocalPosition.y
      value: 0
      objectReference: {fileID: 0}
    - target: {fileID: 4009654013808098, guid: b471d26a5eac87b4086c90c7c0b76f4e, type: 2}
      propertyPath: m_LocalPosition.z
      value: 241.83
      objectReference: {fileID: 0}
    - target: {fileID: 4009654013808098, guid: b471d26a5eac87b4086c90c7c0b76f4e, type: 2}
      propertyPath: m_LocalRotation.x
      value: 0
      objectReference: {fileID: 0}
    - target: {fileID: 4009654013808098, guid: b471d26a5eac87b4086c90c7c0b76f4e, type: 2}
      propertyPath: m_LocalRotation.y
      value: 0
      objectReference: {fileID: 0}
    - target: {fileID: 4009654013808098, guid: b471d26a5eac87b4086c90c7c0b76f4e, type: 2}
      propertyPath: m_LocalRotation.z
      value: 0
      objectReference: {fileID: 0}
    - target: {fileID: 4009654013808098, guid: b471d26a5eac87b4086c90c7c0b76f4e, type: 2}
      propertyPath: m_LocalRotation.w
      value: 1
      objectReference: {fileID: 0}
    - target: {fileID: 4009654013808098, guid: b471d26a5eac87b4086c90c7c0b76f4e, type: 2}
      propertyPath: m_RootOrder
      value: 5
      objectReference: {fileID: 0}
    - target: {fileID: 1410880384113558, guid: b471d26a5eac87b4086c90c7c0b76f4e, type: 2}
      propertyPath: m_Name
      value: PTK_Cube_1 (3)
      objectReference: {fileID: 0}
    - target: {fileID: 23777305934327796, guid: b471d26a5eac87b4086c90c7c0b76f4e,
        type: 2}
      propertyPath: m_Materials.Array.data[0]
      value: 
      objectReference: {fileID: 2100000, guid: 3e9b40bb243ad504dbf2adbd0918b9f5, type: 2}
    m_RemovedComponents: []
  m_SourcePrefab: {fileID: 100100000, guid: b471d26a5eac87b4086c90c7c0b76f4e, type: 2}
  m_RootGameObject: {fileID: 281874693}
  m_IsPrefabAsset: 0
--- !u!1001 &340258626
Prefab:
  m_ObjectHideFlags: 0
  serializedVersion: 2
  m_Modification:
    m_TransformParent: {fileID: 0}
    m_Modifications:
    - target: {fileID: 4009654013808098, guid: b471d26a5eac87b4086c90c7c0b76f4e, type: 2}
      propertyPath: m_LocalPosition.x
      value: 272.72
      objectReference: {fileID: 0}
    - target: {fileID: 4009654013808098, guid: b471d26a5eac87b4086c90c7c0b76f4e, type: 2}
      propertyPath: m_LocalPosition.y
      value: 0
      objectReference: {fileID: 0}
    - target: {fileID: 4009654013808098, guid: b471d26a5eac87b4086c90c7c0b76f4e, type: 2}
      propertyPath: m_LocalPosition.z
      value: 241.83
      objectReference: {fileID: 0}
    - target: {fileID: 4009654013808098, guid: b471d26a5eac87b4086c90c7c0b76f4e, type: 2}
      propertyPath: m_LocalRotation.x
      value: 0
      objectReference: {fileID: 0}
    - target: {fileID: 4009654013808098, guid: b471d26a5eac87b4086c90c7c0b76f4e, type: 2}
      propertyPath: m_LocalRotation.y
      value: 0
      objectReference: {fileID: 0}
    - target: {fileID: 4009654013808098, guid: b471d26a5eac87b4086c90c7c0b76f4e, type: 2}
      propertyPath: m_LocalRotation.z
      value: 0
      objectReference: {fileID: 0}
    - target: {fileID: 4009654013808098, guid: b471d26a5eac87b4086c90c7c0b76f4e, type: 2}
      propertyPath: m_LocalRotation.w
      value: 1
      objectReference: {fileID: 0}
    - target: {fileID: 4009654013808098, guid: b471d26a5eac87b4086c90c7c0b76f4e, type: 2}
      propertyPath: m_RootOrder
      value: 9
      objectReference: {fileID: 0}
    - target: {fileID: 1410880384113558, guid: b471d26a5eac87b4086c90c7c0b76f4e, type: 2}
      propertyPath: m_Name
      value: PTK_Cube_1 (8)
      objectReference: {fileID: 0}
    - target: {fileID: 23777305934327796, guid: b471d26a5eac87b4086c90c7c0b76f4e,
        type: 2}
      propertyPath: m_Materials.Array.data[0]
      value: 
      objectReference: {fileID: 2100000, guid: 1d995df76d244df4eafb5a026363c584, type: 2}
    m_RemovedComponents: []
  m_SourcePrefab: {fileID: 100100000, guid: b471d26a5eac87b4086c90c7c0b76f4e, type: 2}
  m_RootGameObject: {fileID: 1676410462}
  m_IsPrefabAsset: 0
--- !u!1 &648933540
GameObject:
  m_ObjectHideFlags: 0
  m_CorrespondingSourceObject: {fileID: 1410880384113558, guid: b471d26a5eac87b4086c90c7c0b76f4e,
    type: 2}
  m_PrefabInternal: {fileID: 250608799}
  serializedVersion: 6
  m_Component:
  - component: {fileID: 648933544}
  - component: {fileID: 648933543}
  - component: {fileID: 648933542}
  - component: {fileID: 648933541}
  m_Layer: 0
  m_Name: PTK_Cube_1 (14)
  m_TagString: Untagged
  m_Icon: {fileID: 0}
  m_NavMeshLayer: 0
  m_StaticEditorFlags: 0
  m_IsActive: 1
--- !u!64 &648933541
MeshCollider:
  m_ObjectHideFlags: 0
  m_CorrespondingSourceObject: {fileID: 64864707485037938, guid: b471d26a5eac87b4086c90c7c0b76f4e,
    type: 2}
  m_PrefabInternal: {fileID: 250608799}
  m_GameObject: {fileID: 648933540}
  m_Material: {fileID: 0}
  m_IsTrigger: 0
  m_Enabled: 1
  serializedVersion: 3
  m_Convex: 0
  m_CookingOptions: 14
  m_SkinWidth: 0.01
  m_Mesh: {fileID: 4300000, guid: 144fafb731a4b4944b48596f3688afb4, type: 3}
--- !u!23 &648933542
MeshRenderer:
  m_ObjectHideFlags: 0
  m_CorrespondingSourceObject: {fileID: 23777305934327796, guid: b471d26a5eac87b4086c90c7c0b76f4e,
    type: 2}
  m_PrefabInternal: {fileID: 250608799}
  m_GameObject: {fileID: 648933540}
  m_Enabled: 1
  m_CastShadows: 0
  m_ReceiveShadows: 1
  m_DynamicOccludee: 1
  m_MotionVectors: 1
  m_LightProbeUsage: 1
  m_ReflectionProbeUsage: 1
  m_RenderingLayerMask: 4294967295
  m_Materials:
  - {fileID: 2100000, guid: dd594aa7b65105b4f830bddd556f66fa, type: 2}
  m_StaticBatchInfo:
    firstSubMesh: 0
    subMeshCount: 0
  m_StaticBatchRoot: {fileID: 0}
  m_ProbeAnchor: {fileID: 0}
  m_LightProbeVolumeOverride: {fileID: 0}
  m_ScaleInLightmap: 1
  m_PreserveUVs: 0
  m_IgnoreNormalsForChartDetection: 0
  m_ImportantGI: 0
  m_StitchLightmapSeams: 0
  m_SelectedEditorRenderState: 3
  m_MinimumChartSize: 4
  m_AutoUVMaxDistance: 0.5
  m_AutoUVMaxAngle: 89
  m_LightmapParameters: {fileID: 0}
  m_SortingLayerID: 0
  m_SortingLayer: 0
  m_SortingOrder: 0
--- !u!33 &648933543
MeshFilter:
  m_ObjectHideFlags: 0
  m_CorrespondingSourceObject: {fileID: 33084753008688638, guid: b471d26a5eac87b4086c90c7c0b76f4e,
    type: 2}
  m_PrefabInternal: {fileID: 250608799}
  m_GameObject: {fileID: 648933540}
  m_Mesh: {fileID: 4300000, guid: 144fafb731a4b4944b48596f3688afb4, type: 3}
--- !u!4 &648933544
Transform:
  m_ObjectHideFlags: 0
  m_CorrespondingSourceObject: {fileID: 4009654013808098, guid: b471d26a5eac87b4086c90c7c0b76f4e,
    type: 2}
  m_PrefabInternal: {fileID: 250608799}
  m_GameObject: {fileID: 648933540}
  m_LocalRotation: {x: 0, y: 0, z: 0, w: 1}
  m_LocalPosition: {x: 269.92, y: 0, z: 239.85}
  m_LocalScale: {x: 1, y: 1, z: 1}
  m_Children: []
  m_Father: {fileID: 0}
  m_RootOrder: 13
  m_LocalEulerAnglesHint: {x: 0, y: 0, z: 0}
--- !u!1 &713687931
GameObject:
  m_ObjectHideFlags: 0
  m_CorrespondingSourceObject: {fileID: 1410880384113558, guid: b471d26a5eac87b4086c90c7c0b76f4e,
    type: 2}
  m_PrefabInternal: {fileID: 1698561150}
  serializedVersion: 6
  m_Component:
  - component: {fileID: 713687935}
  - component: {fileID: 713687934}
  - component: {fileID: 713687933}
  - component: {fileID: 713687932}
  m_Layer: 0
  m_Name: PTK_Cube_1 (9)
  m_TagString: Untagged
  m_Icon: {fileID: 0}
  m_NavMeshLayer: 0
  m_StaticEditorFlags: 0
  m_IsActive: 1
--- !u!64 &713687932
MeshCollider:
  m_ObjectHideFlags: 0
  m_CorrespondingSourceObject: {fileID: 64864707485037938, guid: b471d26a5eac87b4086c90c7c0b76f4e,
    type: 2}
  m_PrefabInternal: {fileID: 1698561150}
  m_GameObject: {fileID: 713687931}
  m_Material: {fileID: 0}
  m_IsTrigger: 0
  m_Enabled: 1
  serializedVersion: 3
  m_Convex: 0
  m_CookingOptions: 14
  m_SkinWidth: 0.01
  m_Mesh: {fileID: 4300000, guid: 144fafb731a4b4944b48596f3688afb4, type: 3}
--- !u!23 &713687933
MeshRenderer:
  m_ObjectHideFlags: 0
  m_CorrespondingSourceObject: {fileID: 23777305934327796, guid: b471d26a5eac87b4086c90c7c0b76f4e,
    type: 2}
  m_PrefabInternal: {fileID: 1698561150}
  m_GameObject: {fileID: 713687931}
  m_Enabled: 1
  m_CastShadows: 0
  m_ReceiveShadows: 1
  m_DynamicOccludee: 1
  m_MotionVectors: 1
  m_LightProbeUsage: 1
  m_ReflectionProbeUsage: 1
  m_RenderingLayerMask: 4294967295
  m_Materials:
  - {fileID: 2100000, guid: c56b206169d606441bc20e1a416560ce, type: 2}
  m_StaticBatchInfo:
    firstSubMesh: 0
    subMeshCount: 0
  m_StaticBatchRoot: {fileID: 0}
  m_ProbeAnchor: {fileID: 0}
  m_LightProbeVolumeOverride: {fileID: 0}
  m_ScaleInLightmap: 1
  m_PreserveUVs: 0
  m_IgnoreNormalsForChartDetection: 0
  m_ImportantGI: 0
  m_StitchLightmapSeams: 0
  m_SelectedEditorRenderState: 3
  m_MinimumChartSize: 4
  m_AutoUVMaxDistance: 0.5
  m_AutoUVMaxAngle: 89
  m_LightmapParameters: {fileID: 0}
  m_SortingLayerID: 0
  m_SortingLayer: 0
  m_SortingOrder: 0
--- !u!33 &713687934
MeshFilter:
  m_ObjectHideFlags: 0
  m_CorrespondingSourceObject: {fileID: 33084753008688638, guid: b471d26a5eac87b4086c90c7c0b76f4e,
    type: 2}
  m_PrefabInternal: {fileID: 1698561150}
  m_GameObject: {fileID: 713687931}
  m_Mesh: {fileID: 4300000, guid: 144fafb731a4b4944b48596f3688afb4, type: 3}
--- !u!4 &713687935
Transform:
  m_ObjectHideFlags: 0
  m_CorrespondingSourceObject: {fileID: 4009654013808098, guid: b471d26a5eac87b4086c90c7c0b76f4e,
    type: 2}
  m_PrefabInternal: {fileID: 1698561150}
  m_GameObject: {fileID: 713687931}
  m_LocalRotation: {x: 0, y: 0, z: 0, w: 1}
  m_LocalPosition: {x: 271.31, y: 0, z: 241.83}
  m_LocalScale: {x: 1, y: 1, z: 1}
  m_Children: []
  m_Father: {fileID: 0}
  m_RootOrder: 10
  m_LocalEulerAnglesHint: {x: 0, y: 0, z: 0}
--- !u!1 &753406920
GameObject:
  m_ObjectHideFlags: 0
  m_CorrespondingSourceObject: {fileID: 1410880384113558, guid: b471d26a5eac87b4086c90c7c0b76f4e,
    type: 2}
  m_PrefabInternal: {fileID: 944982924}
  serializedVersion: 6
  m_Component:
  - component: {fileID: 753406924}
  - component: {fileID: 753406923}
  - component: {fileID: 753406922}
  - component: {fileID: 753406921}
  m_Layer: 0
  m_Name: PTK_Cube_1 (4)
  m_TagString: Untagged
  m_Icon: {fileID: 0}
  m_NavMeshLayer: 0
  m_StaticEditorFlags: 0
  m_IsActive: 1
--- !u!64 &753406921
MeshCollider:
  m_ObjectHideFlags: 0
  m_CorrespondingSourceObject: {fileID: 64864707485037938, guid: b471d26a5eac87b4086c90c7c0b76f4e,
    type: 2}
  m_PrefabInternal: {fileID: 944982924}
  m_GameObject: {fileID: 753406920}
  m_Material: {fileID: 0}
  m_IsTrigger: 0
  m_Enabled: 1
  serializedVersion: 3
  m_Convex: 0
  m_CookingOptions: 14
  m_SkinWidth: 0.01
  m_Mesh: {fileID: 4300000, guid: 144fafb731a4b4944b48596f3688afb4, type: 3}
--- !u!23 &753406922
MeshRenderer:
  m_ObjectHideFlags: 0
  m_CorrespondingSourceObject: {fileID: 23777305934327796, guid: b471d26a5eac87b4086c90c7c0b76f4e,
    type: 2}
  m_PrefabInternal: {fileID: 944982924}
  m_GameObject: {fileID: 753406920}
  m_Enabled: 1
  m_CastShadows: 0
  m_ReceiveShadows: 1
  m_DynamicOccludee: 1
  m_MotionVectors: 1
  m_LightProbeUsage: 1
  m_ReflectionProbeUsage: 1
  m_RenderingLayerMask: 4294967295
  m_Materials:
  - {fileID: 2100000, guid: 08ae2008da04f244694203a3d1bc1c69, type: 2}
  m_StaticBatchInfo:
    firstSubMesh: 0
    subMeshCount: 0
  m_StaticBatchRoot: {fileID: 0}
  m_ProbeAnchor: {fileID: 0}
  m_LightProbeVolumeOverride: {fileID: 0}
  m_ScaleInLightmap: 1
  m_PreserveUVs: 0
  m_IgnoreNormalsForChartDetection: 0
  m_ImportantGI: 0
  m_StitchLightmapSeams: 0
  m_SelectedEditorRenderState: 3
  m_MinimumChartSize: 4
  m_AutoUVMaxDistance: 0.5
  m_AutoUVMaxAngle: 89
  m_LightmapParameters: {fileID: 0}
  m_SortingLayerID: 0
  m_SortingLayer: 0
  m_SortingOrder: 0
--- !u!33 &753406923
MeshFilter:
  m_ObjectHideFlags: 0
  m_CorrespondingSourceObject: {fileID: 33084753008688638, guid: b471d26a5eac87b4086c90c7c0b76f4e,
    type: 2}
  m_PrefabInternal: {fileID: 944982924}
  m_GameObject: {fileID: 753406920}
  m_Mesh: {fileID: 4300000, guid: 144fafb731a4b4944b48596f3688afb4, type: 3}
--- !u!4 &753406924
Transform:
  m_ObjectHideFlags: 0
  m_CorrespondingSourceObject: {fileID: 4009654013808098, guid: b471d26a5eac87b4086c90c7c0b76f4e,
    type: 2}
  m_PrefabInternal: {fileID: 944982924}
  m_GameObject: {fileID: 753406920}
  m_LocalRotation: {x: 0, y: 0, z: 0, w: 1}
  m_LocalPosition: {x: 269.92, y: 0, z: 241.83}
  m_LocalScale: {x: 1, y: 1, z: 1}
  m_Children: []
  m_Father: {fileID: 0}
  m_RootOrder: 6
  m_LocalEulerAnglesHint: {x: 0, y: 0, z: 0}
--- !u!1001 &799612894
Prefab:
  m_ObjectHideFlags: 0
  serializedVersion: 2
  m_Modification:
    m_TransformParent: {fileID: 0}
    m_Modifications:
    - target: {fileID: 4009654013808098, guid: b471d26a5eac87b4086c90c7c0b76f4e, type: 2}
      propertyPath: m_LocalPosition.x
      value: 268.62
      objectReference: {fileID: 0}
    - target: {fileID: 4009654013808098, guid: b471d26a5eac87b4086c90c7c0b76f4e, type: 2}
      propertyPath: m_LocalPosition.y
      value: 0
      objectReference: {fileID: 0}
    - target: {fileID: 4009654013808098, guid: b471d26a5eac87b4086c90c7c0b76f4e, type: 2}
      propertyPath: m_LocalPosition.z
      value: 239.85
      objectReference: {fileID: 0}
    - target: {fileID: 4009654013808098, guid: b471d26a5eac87b4086c90c7c0b76f4e, type: 2}
      propertyPath: m_LocalRotation.x
      value: 0
      objectReference: {fileID: 0}
    - target: {fileID: 4009654013808098, guid: b471d26a5eac87b4086c90c7c0b76f4e, type: 2}
      propertyPath: m_LocalRotation.y
      value: 0
      objectReference: {fileID: 0}
    - target: {fileID: 4009654013808098, guid: b471d26a5eac87b4086c90c7c0b76f4e, type: 2}
      propertyPath: m_LocalRotation.z
      value: 0
      objectReference: {fileID: 0}
    - target: {fileID: 4009654013808098, guid: b471d26a5eac87b4086c90c7c0b76f4e, type: 2}
      propertyPath: m_LocalRotation.w
      value: 1
      objectReference: {fileID: 0}
    - target: {fileID: 4009654013808098, guid: b471d26a5eac87b4086c90c7c0b76f4e, type: 2}
      propertyPath: m_RootOrder
      value: 12
      objectReference: {fileID: 0}
    - target: {fileID: 1410880384113558, guid: b471d26a5eac87b4086c90c7c0b76f4e, type: 2}
      propertyPath: m_Name
      value: PTK_Cube_1 (13)
      objectReference: {fileID: 0}
    - target: {fileID: 23777305934327796, guid: b471d26a5eac87b4086c90c7c0b76f4e,
        type: 2}
      propertyPath: m_Materials.Array.data[0]
      value: 
      objectReference: {fileID: 2100000, guid: 4f47b69c96e3e06438c10c907f7d4f98, type: 2}
    m_RemovedComponents: []
  m_SourcePrefab: {fileID: 100100000, guid: b471d26a5eac87b4086c90c7c0b76f4e, type: 2}
  m_RootGameObject: {fileID: 1462592345}
  m_IsPrefabAsset: 0
--- !u!1001 &847749038
Prefab:
  m_ObjectHideFlags: 0
  serializedVersion: 2
  m_Modification:
    m_TransformParent: {fileID: 0}
    m_Modifications:
    - target: {fileID: 4009654013808098, guid: b471d26a5eac87b4086c90c7c0b76f4e, type: 2}
      propertyPath: m_LocalPosition.x
      value: 265.96
      objectReference: {fileID: 0}
    - target: {fileID: 4009654013808098, guid: b471d26a5eac87b4086c90c7c0b76f4e, type: 2}
      propertyPath: m_LocalPosition.y
      value: 0
      objectReference: {fileID: 0}
    - target: {fileID: 4009654013808098, guid: b471d26a5eac87b4086c90c7c0b76f4e, type: 2}
      propertyPath: m_LocalPosition.z
      value: 239.85
      objectReference: {fileID: 0}
    - target: {fileID: 4009654013808098, guid: b471d26a5eac87b4086c90c7c0b76f4e, type: 2}
      propertyPath: m_LocalRotation.x
      value: 0
      objectReference: {fileID: 0}
    - target: {fileID: 4009654013808098, guid: b471d26a5eac87b4086c90c7c0b76f4e, type: 2}
      propertyPath: m_LocalRotation.y
      value: 0
      objectReference: {fileID: 0}
    - target: {fileID: 4009654013808098, guid: b471d26a5eac87b4086c90c7c0b76f4e, type: 2}
      propertyPath: m_LocalRotation.z
      value: 0
      objectReference: {fileID: 0}
    - target: {fileID: 4009654013808098, guid: b471d26a5eac87b4086c90c7c0b76f4e, type: 2}
      propertyPath: m_LocalRotation.w
      value: 1
      objectReference: {fileID: 0}
    - target: {fileID: 4009654013808098, guid: b471d26a5eac87b4086c90c7c0b76f4e, type: 2}
      propertyPath: m_RootOrder
      value: 7
      objectReference: {fileID: 0}
    - target: {fileID: 1410880384113558, guid: b471d26a5eac87b4086c90c7c0b76f4e, type: 2}
      propertyPath: m_Name
      value: PTK_Cube_1 (6)
      objectReference: {fileID: 0}
    - target: {fileID: 23777305934327796, guid: b471d26a5eac87b4086c90c7c0b76f4e,
        type: 2}
      propertyPath: m_Materials.Array.data[0]
      value: 
      objectReference: {fileID: 2100000, guid: 698621012f4317746bf1b79896b709b6, type: 2}
    m_RemovedComponents: []
  m_SourcePrefab: {fileID: 100100000, guid: b471d26a5eac87b4086c90c7c0b76f4e, type: 2}
  m_RootGameObject: {fileID: 1443054504}
  m_IsPrefabAsset: 0
--- !u!1001 &944982924
Prefab:
  m_ObjectHideFlags: 0
  serializedVersion: 2
  m_Modification:
    m_TransformParent: {fileID: 0}
    m_Modifications:
    - target: {fileID: 4009654013808098, guid: b471d26a5eac87b4086c90c7c0b76f4e, type: 2}
      propertyPath: m_LocalPosition.x
      value: 269.92
      objectReference: {fileID: 0}
    - target: {fileID: 4009654013808098, guid: b471d26a5eac87b4086c90c7c0b76f4e, type: 2}
      propertyPath: m_LocalPosition.y
      value: 0
      objectReference: {fileID: 0}
    - target: {fileID: 4009654013808098, guid: b471d26a5eac87b4086c90c7c0b76f4e, type: 2}
      propertyPath: m_LocalPosition.z
      value: 241.83
      objectReference: {fileID: 0}
    - target: {fileID: 4009654013808098, guid: b471d26a5eac87b4086c90c7c0b76f4e, type: 2}
      propertyPath: m_LocalRotation.x
      value: 0
      objectReference: {fileID: 0}
    - target: {fileID: 4009654013808098, guid: b471d26a5eac87b4086c90c7c0b76f4e, type: 2}
      propertyPath: m_LocalRotation.y
      value: 0
      objectReference: {fileID: 0}
    - target: {fileID: 4009654013808098, guid: b471d26a5eac87b4086c90c7c0b76f4e, type: 2}
      propertyPath: m_LocalRotation.z
      value: 0
      objectReference: {fileID: 0}
    - target: {fileID: 4009654013808098, guid: b471d26a5eac87b4086c90c7c0b76f4e, type: 2}
      propertyPath: m_LocalRotation.w
      value: 1
      objectReference: {fileID: 0}
    - target: {fileID: 4009654013808098, guid: b471d26a5eac87b4086c90c7c0b76f4e, type: 2}
      propertyPath: m_RootOrder
      value: 6
      objectReference: {fileID: 0}
    - target: {fileID: 1410880384113558, guid: b471d26a5eac87b4086c90c7c0b76f4e, type: 2}
      propertyPath: m_Name
      value: PTK_Cube_1 (4)
      objectReference: {fileID: 0}
    - target: {fileID: 23777305934327796, guid: b471d26a5eac87b4086c90c7c0b76f4e,
        type: 2}
      propertyPath: m_Materials.Array.data[0]
      value: 
      objectReference: {fileID: 2100000, guid: 08ae2008da04f244694203a3d1bc1c69, type: 2}
    m_RemovedComponents: []
  m_SourcePrefab: {fileID: 100100000, guid: b471d26a5eac87b4086c90c7c0b76f4e, type: 2}
  m_RootGameObject: {fileID: 753406920}
  m_IsPrefabAsset: 0
--- !u!1001 &1025476046
Prefab:
  m_ObjectHideFlags: 0
  serializedVersion: 2
  m_Modification:
    m_TransformParent: {fileID: 0}
    m_Modifications:
    - target: {fileID: 4009654013808098, guid: b471d26a5eac87b4086c90c7c0b76f4e, type: 2}
      propertyPath: m_LocalPosition.x
      value: 267.316
      objectReference: {fileID: 0}
    - target: {fileID: 4009654013808098, guid: b471d26a5eac87b4086c90c7c0b76f4e, type: 2}
      propertyPath: m_LocalPosition.y
      value: 0
      objectReference: {fileID: 0}
    - target: {fileID: 4009654013808098, guid: b471d26a5eac87b4086c90c7c0b76f4e, type: 2}
      propertyPath: m_LocalPosition.z
      value: 239.85
      objectReference: {fileID: 0}
    - target: {fileID: 4009654013808098, guid: b471d26a5eac87b4086c90c7c0b76f4e, type: 2}
      propertyPath: m_LocalRotation.x
      value: 0
      objectReference: {fileID: 0}
    - target: {fileID: 4009654013808098, guid: b471d26a5eac87b4086c90c7c0b76f4e, type: 2}
      propertyPath: m_LocalRotation.y
      value: 0
      objectReference: {fileID: 0}
    - target: {fileID: 4009654013808098, guid: b471d26a5eac87b4086c90c7c0b76f4e, type: 2}
      propertyPath: m_LocalRotation.z
      value: 0
      objectReference: {fileID: 0}
    - target: {fileID: 4009654013808098, guid: b471d26a5eac87b4086c90c7c0b76f4e, type: 2}
      propertyPath: m_LocalRotation.w
      value: 1
      objectReference: {fileID: 0}
    - target: {fileID: 4009654013808098, guid: b471d26a5eac87b4086c90c7c0b76f4e, type: 2}
      propertyPath: m_RootOrder
      value: 11
      objectReference: {fileID: 0}
    - target: {fileID: 1410880384113558, guid: b471d26a5eac87b4086c90c7c0b76f4e, type: 2}
      propertyPath: m_Name
      value: PTK_Cube_1 (12)
      objectReference: {fileID: 0}
    - target: {fileID: 23777305934327796, guid: b471d26a5eac87b4086c90c7c0b76f4e,
        type: 2}
      propertyPath: m_Materials.Array.data[0]
      value: 
      objectReference: {fileID: 2100000, guid: 797bf488c630d4c4da4076a24ec6a432, type: 2}
    m_RemovedComponents: []
  m_SourcePrefab: {fileID: 100100000, guid: b471d26a5eac87b4086c90c7c0b76f4e, type: 2}
  m_RootGameObject: {fileID: 1766589641}
  m_IsPrefabAsset: 0
--- !u!1 &1275556651
GameObject:
  m_ObjectHideFlags: 0
  m_CorrespondingSourceObject: {fileID: 1410880384113558, guid: b471d26a5eac87b4086c90c7c0b76f4e,
    type: 2}
  m_PrefabInternal: {fileID: 1523865893}
  serializedVersion: 6
  m_Component:
  - component: {fileID: 1275556655}
  - component: {fileID: 1275556654}
  - component: {fileID: 1275556653}
  - component: {fileID: 1275556652}
  m_Layer: 0
  m_Name: PTK_Cube_1 (2)
  m_TagString: Untagged
  m_Icon: {fileID: 0}
  m_NavMeshLayer: 0
  m_StaticEditorFlags: 0
  m_IsActive: 1
--- !u!64 &1275556652
MeshCollider:
  m_ObjectHideFlags: 0
  m_CorrespondingSourceObject: {fileID: 64864707485037938, guid: b471d26a5eac87b4086c90c7c0b76f4e,
    type: 2}
  m_PrefabInternal: {fileID: 1523865893}
  m_GameObject: {fileID: 1275556651}
  m_Material: {fileID: 0}
  m_IsTrigger: 0
  m_Enabled: 1
  serializedVersion: 3
  m_Convex: 0
  m_CookingOptions: 14
  m_SkinWidth: 0.01
  m_Mesh: {fileID: 4300000, guid: 144fafb731a4b4944b48596f3688afb4, type: 3}
--- !u!23 &1275556653
MeshRenderer:
  m_ObjectHideFlags: 0
  m_CorrespondingSourceObject: {fileID: 23777305934327796, guid: b471d26a5eac87b4086c90c7c0b76f4e,
    type: 2}
  m_PrefabInternal: {fileID: 1523865893}
  m_GameObject: {fileID: 1275556651}
  m_Enabled: 1
  m_CastShadows: 0
  m_ReceiveShadows: 1
  m_DynamicOccludee: 1
  m_MotionVectors: 1
  m_LightProbeUsage: 1
  m_ReflectionProbeUsage: 1
  m_RenderingLayerMask: 4294967295
  m_Materials:
  - {fileID: 2100000, guid: 420df58d3076a034094d7f2662b5b1de, type: 2}
  m_StaticBatchInfo:
    firstSubMesh: 0
    subMeshCount: 0
  m_StaticBatchRoot: {fileID: 0}
  m_ProbeAnchor: {fileID: 0}
  m_LightProbeVolumeOverride: {fileID: 0}
  m_ScaleInLightmap: 1
  m_PreserveUVs: 0
  m_IgnoreNormalsForChartDetection: 0
  m_ImportantGI: 0
  m_StitchLightmapSeams: 0
  m_SelectedEditorRenderState: 3
  m_MinimumChartSize: 4
  m_AutoUVMaxDistance: 0.5
  m_AutoUVMaxAngle: 89
  m_LightmapParameters: {fileID: 0}
  m_SortingLayerID: 0
  m_SortingLayer: 0
  m_SortingOrder: 0
--- !u!33 &1275556654
MeshFilter:
  m_ObjectHideFlags: 0
  m_CorrespondingSourceObject: {fileID: 33084753008688638, guid: b471d26a5eac87b4086c90c7c0b76f4e,
    type: 2}
  m_PrefabInternal: {fileID: 1523865893}
  m_GameObject: {fileID: 1275556651}
  m_Mesh: {fileID: 4300000, guid: 144fafb731a4b4944b48596f3688afb4, type: 3}
--- !u!4 &1275556655
Transform:
  m_ObjectHideFlags: 0
  m_CorrespondingSourceObject: {fileID: 4009654013808098, guid: b471d26a5eac87b4086c90c7c0b76f4e,
    type: 2}
  m_PrefabInternal: {fileID: 1523865893}
  m_GameObject: {fileID: 1275556651}
  m_LocalRotation: {x: 0, y: 0, z: 0, w: 1}
  m_LocalPosition: {x: 267.316, y: 0, z: 241.83}
  m_LocalScale: {x: 1, y: 1, z: 1}
  m_Children: []
  m_Father: {fileID: 0}
  m_RootOrder: 4
  m_LocalEulerAnglesHint: {x: 0, y: 0, z: 0}
--- !u!1001 &1419827006
Prefab:
  m_ObjectHideFlags: 0
  serializedVersion: 2
  m_Modification:
    m_TransformParent: {fileID: 0}
    m_Modifications:
    - target: {fileID: 4009654013808098, guid: b471d26a5eac87b4086c90c7c0b76f4e, type: 2}
      propertyPath: m_LocalPosition.x
      value: 265.918
      objectReference: {fileID: 0}
    - target: {fileID: 4009654013808098, guid: b471d26a5eac87b4086c90c7c0b76f4e, type: 2}
      propertyPath: m_LocalPosition.y
      value: 0
      objectReference: {fileID: 0}
    - target: {fileID: 4009654013808098, guid: b471d26a5eac87b4086c90c7c0b76f4e, type: 2}
      propertyPath: m_LocalPosition.z
      value: 241.83
      objectReference: {fileID: 0}
    - target: {fileID: 4009654013808098, guid: b471d26a5eac87b4086c90c7c0b76f4e, type: 2}
      propertyPath: m_LocalRotation.x
      value: 0
      objectReference: {fileID: 0}
    - target: {fileID: 4009654013808098, guid: b471d26a5eac87b4086c90c7c0b76f4e, type: 2}
      propertyPath: m_LocalRotation.y
      value: 0
      objectReference: {fileID: 0}
    - target: {fileID: 4009654013808098, guid: b471d26a5eac87b4086c90c7c0b76f4e, type: 2}
      propertyPath: m_LocalRotation.z
      value: 0
      objectReference: {fileID: 0}
    - target: {fileID: 4009654013808098, guid: b471d26a5eac87b4086c90c7c0b76f4e, type: 2}
      propertyPath: m_LocalRotation.w
      value: 1
      objectReference: {fileID: 0}
    - target: {fileID: 4009654013808098, guid: b471d26a5eac87b4086c90c7c0b76f4e, type: 2}
      propertyPath: m_RootOrder
      value: 3
      objectReference: {fileID: 0}
    - target: {fileID: 1410880384113558, guid: b471d26a5eac87b4086c90c7c0b76f4e, type: 2}
      propertyPath: m_Name
      value: PTK_Cube_1 (1)
      objectReference: {fileID: 0}
    - target: {fileID: 23777305934327796, guid: b471d26a5eac87b4086c90c7c0b76f4e,
        type: 2}
      propertyPath: m_Materials.Array.data[0]
      value: 
      objectReference: {fileID: 2100000, guid: f36bc83af7f442f4bb065c8dff3dda31, type: 2}
    m_RemovedComponents: []
  m_SourcePrefab: {fileID: 100100000, guid: b471d26a5eac87b4086c90c7c0b76f4e, type: 2}
  m_RootGameObject: {fileID: 13989632}
  m_IsPrefabAsset: 0
--- !u!1 &1443054504
GameObject:
  m_ObjectHideFlags: 0
  m_CorrespondingSourceObject: {fileID: 1410880384113558, guid: b471d26a5eac87b4086c90c7c0b76f4e,
    type: 2}
  m_PrefabInternal: {fileID: 847749038}
  serializedVersion: 6
  m_Component:
  - component: {fileID: 1443054508}
  - component: {fileID: 1443054507}
  - component: {fileID: 1443054506}
  - component: {fileID: 1443054505}
  m_Layer: 0
  m_Name: PTK_Cube_1 (6)
  m_TagString: Untagged
  m_Icon: {fileID: 0}
  m_NavMeshLayer: 0
  m_StaticEditorFlags: 0
  m_IsActive: 1
--- !u!64 &1443054505
MeshCollider:
  m_ObjectHideFlags: 0
  m_CorrespondingSourceObject: {fileID: 64864707485037938, guid: b471d26a5eac87b4086c90c7c0b76f4e,
    type: 2}
  m_PrefabInternal: {fileID: 847749038}
  m_GameObject: {fileID: 1443054504}
  m_Material: {fileID: 0}
  m_IsTrigger: 0
  m_Enabled: 1
  serializedVersion: 3
  m_Convex: 0
  m_CookingOptions: 14
  m_SkinWidth: 0.01
  m_Mesh: {fileID: 4300000, guid: 144fafb731a4b4944b48596f3688afb4, type: 3}
--- !u!23 &1443054506
MeshRenderer:
  m_ObjectHideFlags: 0
  m_CorrespondingSourceObject: {fileID: 23777305934327796, guid: b471d26a5eac87b4086c90c7c0b76f4e,
    type: 2}
  m_PrefabInternal: {fileID: 847749038}
  m_GameObject: {fileID: 1443054504}
  m_Enabled: 1
  m_CastShadows: 0
  m_ReceiveShadows: 1
  m_DynamicOccludee: 1
  m_MotionVectors: 1
  m_LightProbeUsage: 1
  m_ReflectionProbeUsage: 1
  m_RenderingLayerMask: 4294967295
  m_Materials:
  - {fileID: 2100000, guid: 698621012f4317746bf1b79896b709b6, type: 2}
  m_StaticBatchInfo:
    firstSubMesh: 0
    subMeshCount: 0
  m_StaticBatchRoot: {fileID: 0}
  m_ProbeAnchor: {fileID: 0}
  m_LightProbeVolumeOverride: {fileID: 0}
  m_ScaleInLightmap: 1
  m_PreserveUVs: 0
  m_IgnoreNormalsForChartDetection: 0
  m_ImportantGI: 0
  m_StitchLightmapSeams: 0
  m_SelectedEditorRenderState: 3
  m_MinimumChartSize: 4
  m_AutoUVMaxDistance: 0.5
  m_AutoUVMaxAngle: 89
  m_LightmapParameters: {fileID: 0}
  m_SortingLayerID: 0
  m_SortingLayer: 0
  m_SortingOrder: 0
--- !u!33 &1443054507
MeshFilter:
  m_ObjectHideFlags: 0
  m_CorrespondingSourceObject: {fileID: 33084753008688638, guid: b471d26a5eac87b4086c90c7c0b76f4e,
    type: 2}
  m_PrefabInternal: {fileID: 847749038}
  m_GameObject: {fileID: 1443054504}
  m_Mesh: {fileID: 4300000, guid: 144fafb731a4b4944b48596f3688afb4, type: 3}
--- !u!4 &1443054508
Transform:
  m_ObjectHideFlags: 0
  m_CorrespondingSourceObject: {fileID: 4009654013808098, guid: b471d26a5eac87b4086c90c7c0b76f4e,
    type: 2}
  m_PrefabInternal: {fileID: 847749038}
  m_GameObject: {fileID: 1443054504}
  m_LocalRotation: {x: 0, y: 0, z: 0, w: 1}
  m_LocalPosition: {x: 265.96, y: 0, z: 239.85}
  m_LocalScale: {x: 1, y: 1, z: 1}
  m_Children: []
  m_Father: {fileID: 0}
  m_RootOrder: 7
  m_LocalEulerAnglesHint: {x: 0, y: 0, z: 0}
--- !u!1 &1462592345
GameObject:
  m_ObjectHideFlags: 0
  m_CorrespondingSourceObject: {fileID: 1410880384113558, guid: b471d26a5eac87b4086c90c7c0b76f4e,
    type: 2}
  m_PrefabInternal: {fileID: 799612894}
  serializedVersion: 6
  m_Component:
  - component: {fileID: 1462592349}
  - component: {fileID: 1462592348}
  - component: {fileID: 1462592347}
  - component: {fileID: 1462592346}
  m_Layer: 0
  m_Name: PTK_Cube_1 (13)
  m_TagString: Untagged
  m_Icon: {fileID: 0}
  m_NavMeshLayer: 0
  m_StaticEditorFlags: 0
  m_IsActive: 1
--- !u!64 &1462592346
MeshCollider:
  m_ObjectHideFlags: 0
  m_CorrespondingSourceObject: {fileID: 64864707485037938, guid: b471d26a5eac87b4086c90c7c0b76f4e,
    type: 2}
  m_PrefabInternal: {fileID: 799612894}
  m_GameObject: {fileID: 1462592345}
  m_Material: {fileID: 0}
  m_IsTrigger: 0
  m_Enabled: 1
  serializedVersion: 3
  m_Convex: 0
  m_CookingOptions: 14
  m_SkinWidth: 0.01
  m_Mesh: {fileID: 4300000, guid: 144fafb731a4b4944b48596f3688afb4, type: 3}
--- !u!23 &1462592347
MeshRenderer:
  m_ObjectHideFlags: 0
  m_CorrespondingSourceObject: {fileID: 23777305934327796, guid: b471d26a5eac87b4086c90c7c0b76f4e,
    type: 2}
  m_PrefabInternal: {fileID: 799612894}
  m_GameObject: {fileID: 1462592345}
  m_Enabled: 1
  m_CastShadows: 0
  m_ReceiveShadows: 1
  m_DynamicOccludee: 1
  m_MotionVectors: 1
  m_LightProbeUsage: 1
  m_ReflectionProbeUsage: 1
  m_RenderingLayerMask: 4294967295
  m_Materials:
  - {fileID: 2100000, guid: 4f47b69c96e3e06438c10c907f7d4f98, type: 2}
  m_StaticBatchInfo:
    firstSubMesh: 0
    subMeshCount: 0
  m_StaticBatchRoot: {fileID: 0}
  m_ProbeAnchor: {fileID: 0}
  m_LightProbeVolumeOverride: {fileID: 0}
  m_ScaleInLightmap: 1
  m_PreserveUVs: 0
  m_IgnoreNormalsForChartDetection: 0
  m_ImportantGI: 0
  m_StitchLightmapSeams: 0
  m_SelectedEditorRenderState: 3
  m_MinimumChartSize: 4
  m_AutoUVMaxDistance: 0.5
  m_AutoUVMaxAngle: 89
  m_LightmapParameters: {fileID: 0}
  m_SortingLayerID: 0
  m_SortingLayer: 0
  m_SortingOrder: 0
--- !u!33 &1462592348
MeshFilter:
  m_ObjectHideFlags: 0
  m_CorrespondingSourceObject: {fileID: 33084753008688638, guid: b471d26a5eac87b4086c90c7c0b76f4e,
    type: 2}
  m_PrefabInternal: {fileID: 799612894}
  m_GameObject: {fileID: 1462592345}
  m_Mesh: {fileID: 4300000, guid: 144fafb731a4b4944b48596f3688afb4, type: 3}
--- !u!4 &1462592349
Transform:
  m_ObjectHideFlags: 0
  m_CorrespondingSourceObject: {fileID: 4009654013808098, guid: b471d26a5eac87b4086c90c7c0b76f4e,
    type: 2}
  m_PrefabInternal: {fileID: 799612894}
  m_GameObject: {fileID: 1462592345}
  m_LocalRotation: {x: 0, y: 0, z: 0, w: 1}
  m_LocalPosition: {x: 268.62, y: 0, z: 239.85}
  m_LocalScale: {x: 1, y: 1, z: 1}
  m_Children: []
  m_Father: {fileID: 0}
  m_RootOrder: 12
  m_LocalEulerAnglesHint: {x: 0, y: 0, z: 0}
--- !u!1001 &1523865893
Prefab:
  m_ObjectHideFlags: 0
  serializedVersion: 2
  m_Modification:
    m_TransformParent: {fileID: 0}
    m_Modifications:
    - target: {fileID: 4009654013808098, guid: b471d26a5eac87b4086c90c7c0b76f4e, type: 2}
      propertyPath: m_LocalPosition.x
      value: 267.316
      objectReference: {fileID: 0}
    - target: {fileID: 4009654013808098, guid: b471d26a5eac87b4086c90c7c0b76f4e, type: 2}
      propertyPath: m_LocalPosition.y
      value: 0
      objectReference: {fileID: 0}
    - target: {fileID: 4009654013808098, guid: b471d26a5eac87b4086c90c7c0b76f4e, type: 2}
      propertyPath: m_LocalPosition.z
      value: 241.83
      objectReference: {fileID: 0}
    - target: {fileID: 4009654013808098, guid: b471d26a5eac87b4086c90c7c0b76f4e, type: 2}
      propertyPath: m_LocalRotation.x
      value: 0
      objectReference: {fileID: 0}
    - target: {fileID: 4009654013808098, guid: b471d26a5eac87b4086c90c7c0b76f4e, type: 2}
      propertyPath: m_LocalRotation.y
      value: 0
      objectReference: {fileID: 0}
    - target: {fileID: 4009654013808098, guid: b471d26a5eac87b4086c90c7c0b76f4e, type: 2}
      propertyPath: m_LocalRotation.z
      value: 0
      objectReference: {fileID: 0}
    - target: {fileID: 4009654013808098, guid: b471d26a5eac87b4086c90c7c0b76f4e, type: 2}
      propertyPath: m_LocalRotation.w
      value: 1
      objectReference: {fileID: 0}
    - target: {fileID: 4009654013808098, guid: b471d26a5eac87b4086c90c7c0b76f4e, type: 2}
      propertyPath: m_RootOrder
      value: 4
      objectReference: {fileID: 0}
    - target: {fileID: 1410880384113558, guid: b471d26a5eac87b4086c90c7c0b76f4e, type: 2}
      propertyPath: m_Name
      value: PTK_Cube_1 (2)
      objectReference: {fileID: 0}
    - target: {fileID: 23777305934327796, guid: b471d26a5eac87b4086c90c7c0b76f4e,
        type: 2}
      propertyPath: m_Materials.Array.data[0]
      value: 
      objectReference: {fileID: 2100000, guid: 420df58d3076a034094d7f2662b5b1de, type: 2}
    m_RemovedComponents: []
  m_SourcePrefab: {fileID: 100100000, guid: b471d26a5eac87b4086c90c7c0b76f4e, type: 2}
  m_RootGameObject: {fileID: 1275556651}
  m_IsPrefabAsset: 0
--- !u!1 &1608543953
GameObject:
  m_ObjectHideFlags: 0
  m_CorrespondingSourceObject: {fileID: 1410880384113558, guid: b471d26a5eac87b4086c90c7c0b76f4e,
    type: 2}
  m_PrefabInternal: {fileID: 1937196539}
  serializedVersion: 6
  m_Component:
  - component: {fileID: 1608543957}
  - component: {fileID: 1608543956}
  - component: {fileID: 1608543955}
  - component: {fileID: 1608543954}
  m_Layer: 0
  m_Name: PTK_Cube_1 (7)
  m_TagString: Untagged
  m_Icon: {fileID: 0}
  m_NavMeshLayer: 0
  m_StaticEditorFlags: 0
  m_IsActive: 1
--- !u!64 &1608543954
MeshCollider:
  m_ObjectHideFlags: 0
  m_CorrespondingSourceObject: {fileID: 64864707485037938, guid: b471d26a5eac87b4086c90c7c0b76f4e,
    type: 2}
  m_PrefabInternal: {fileID: 1937196539}
  m_GameObject: {fileID: 1608543953}
  m_Material: {fileID: 0}
  m_IsTrigger: 0
  m_Enabled: 1
  serializedVersion: 3
  m_Convex: 0
  m_CookingOptions: 14
  m_SkinWidth: 0.01
  m_Mesh: {fileID: 4300000, guid: 144fafb731a4b4944b48596f3688afb4, type: 3}
--- !u!23 &1608543955
MeshRenderer:
  m_ObjectHideFlags: 0
  m_CorrespondingSourceObject: {fileID: 23777305934327796, guid: b471d26a5eac87b4086c90c7c0b76f4e,
    type: 2}
  m_PrefabInternal: {fileID: 1937196539}
  m_GameObject: {fileID: 1608543953}
  m_Enabled: 1
  m_CastShadows: 0
  m_ReceiveShadows: 1
  m_DynamicOccludee: 1
  m_MotionVectors: 1
  m_LightProbeUsage: 1
  m_ReflectionProbeUsage: 1
  m_RenderingLayerMask: 4294967295
  m_Materials:
  - {fileID: 2100000, guid: 639bdae38663ce249835e384c15d06d3, type: 2}
  m_StaticBatchInfo:
    firstSubMesh: 0
    subMeshCount: 0
  m_StaticBatchRoot: {fileID: 0}
  m_ProbeAnchor: {fileID: 0}
  m_LightProbeVolumeOverride: {fileID: 0}
  m_ScaleInLightmap: 1
  m_PreserveUVs: 0
  m_IgnoreNormalsForChartDetection: 0
  m_ImportantGI: 0
  m_StitchLightmapSeams: 0
  m_SelectedEditorRenderState: 3
  m_MinimumChartSize: 4
  m_AutoUVMaxDistance: 0.5
  m_AutoUVMaxAngle: 89
  m_LightmapParameters: {fileID: 0}
  m_SortingLayerID: 0
  m_SortingLayer: 0
  m_SortingOrder: 0
--- !u!33 &1608543956
MeshFilter:
  m_ObjectHideFlags: 0
  m_CorrespondingSourceObject: {fileID: 33084753008688638, guid: b471d26a5eac87b4086c90c7c0b76f4e,
    type: 2}
  m_PrefabInternal: {fileID: 1937196539}
  m_GameObject: {fileID: 1608543953}
  m_Mesh: {fileID: 4300000, guid: 144fafb731a4b4944b48596f3688afb4, type: 3}
--- !u!4 &1608543957
Transform:
  m_ObjectHideFlags: 0
  m_CorrespondingSourceObject: {fileID: 4009654013808098, guid: b471d26a5eac87b4086c90c7c0b76f4e,
    type: 2}
  m_PrefabInternal: {fileID: 1937196539}
  m_GameObject: {fileID: 1608543953}
  m_LocalRotation: {x: 0, y: 0, z: 0, w: 1}
  m_LocalPosition: {x: 271.42, y: 0, z: 239.85}
  m_LocalScale: {x: 1, y: 1, z: 1}
  m_Children: []
  m_Father: {fileID: 0}
  m_RootOrder: 8
  m_LocalEulerAnglesHint: {x: 0, y: 0, z: 0}
--- !u!1 &1676410462
GameObject:
  m_ObjectHideFlags: 0
  m_CorrespondingSourceObject: {fileID: 1410880384113558, guid: b471d26a5eac87b4086c90c7c0b76f4e,
    type: 2}
  m_PrefabInternal: {fileID: 340258626}
  serializedVersion: 6
  m_Component:
  - component: {fileID: 1676410466}
  - component: {fileID: 1676410465}
  - component: {fileID: 1676410464}
  - component: {fileID: 1676410463}
  m_Layer: 0
  m_Name: PTK_Cube_1 (8)
  m_TagString: Untagged
  m_Icon: {fileID: 0}
  m_NavMeshLayer: 0
  m_StaticEditorFlags: 0
  m_IsActive: 1
--- !u!64 &1676410463
MeshCollider:
  m_ObjectHideFlags: 0
  m_CorrespondingSourceObject: {fileID: 64864707485037938, guid: b471d26a5eac87b4086c90c7c0b76f4e,
    type: 2}
  m_PrefabInternal: {fileID: 340258626}
  m_GameObject: {fileID: 1676410462}
  m_Material: {fileID: 0}
  m_IsTrigger: 0
  m_Enabled: 1
  serializedVersion: 3
  m_Convex: 0
  m_CookingOptions: 14
  m_SkinWidth: 0.01
  m_Mesh: {fileID: 4300000, guid: 144fafb731a4b4944b48596f3688afb4, type: 3}
--- !u!23 &1676410464
MeshRenderer:
  m_ObjectHideFlags: 0
  m_CorrespondingSourceObject: {fileID: 23777305934327796, guid: b471d26a5eac87b4086c90c7c0b76f4e,
    type: 2}
  m_PrefabInternal: {fileID: 340258626}
  m_GameObject: {fileID: 1676410462}
  m_Enabled: 1
  m_CastShadows: 0
  m_ReceiveShadows: 1
  m_DynamicOccludee: 1
  m_MotionVectors: 1
  m_LightProbeUsage: 1
  m_ReflectionProbeUsage: 1
  m_RenderingLayerMask: 4294967295
  m_Materials:
  - {fileID: 2100000, guid: 1d995df76d244df4eafb5a026363c584, type: 2}
  m_StaticBatchInfo:
    firstSubMesh: 0
    subMeshCount: 0
  m_StaticBatchRoot: {fileID: 0}
  m_ProbeAnchor: {fileID: 0}
  m_LightProbeVolumeOverride: {fileID: 0}
  m_ScaleInLightmap: 1
  m_PreserveUVs: 0
  m_IgnoreNormalsForChartDetection: 0
  m_ImportantGI: 0
  m_StitchLightmapSeams: 0
  m_SelectedEditorRenderState: 3
  m_MinimumChartSize: 4
  m_AutoUVMaxDistance: 0.5
  m_AutoUVMaxAngle: 89
  m_LightmapParameters: {fileID: 0}
  m_SortingLayerID: 0
  m_SortingLayer: 0
  m_SortingOrder: 0
--- !u!33 &1676410465
MeshFilter:
  m_ObjectHideFlags: 0
  m_CorrespondingSourceObject: {fileID: 33084753008688638, guid: b471d26a5eac87b4086c90c7c0b76f4e,
    type: 2}
  m_PrefabInternal: {fileID: 340258626}
  m_GameObject: {fileID: 1676410462}
  m_Mesh: {fileID: 4300000, guid: 144fafb731a4b4944b48596f3688afb4, type: 3}
--- !u!4 &1676410466
Transform:
  m_ObjectHideFlags: 0
  m_CorrespondingSourceObject: {fileID: 4009654013808098, guid: b471d26a5eac87b4086c90c7c0b76f4e,
    type: 2}
  m_PrefabInternal: {fileID: 340258626}
  m_GameObject: {fileID: 1676410462}
  m_LocalRotation: {x: 0, y: 0, z: 0, w: 1}
  m_LocalPosition: {x: 272.72, y: 0, z: 241.83}
  m_LocalScale: {x: 1, y: 1, z: 1}
  m_Children: []
  m_Father: {fileID: 0}
  m_RootOrder: 9
  m_LocalEulerAnglesHint: {x: 0, y: 0, z: 0}
--- !u!1001 &1698561150
Prefab:
  m_ObjectHideFlags: 0
  serializedVersion: 2
  m_Modification:
    m_TransformParent: {fileID: 0}
    m_Modifications:
    - target: {fileID: 4009654013808098, guid: b471d26a5eac87b4086c90c7c0b76f4e, type: 2}
      propertyPath: m_LocalPosition.x
      value: 271.31
      objectReference: {fileID: 0}
    - target: {fileID: 4009654013808098, guid: b471d26a5eac87b4086c90c7c0b76f4e, type: 2}
      propertyPath: m_LocalPosition.y
      value: 0
      objectReference: {fileID: 0}
    - target: {fileID: 4009654013808098, guid: b471d26a5eac87b4086c90c7c0b76f4e, type: 2}
      propertyPath: m_LocalPosition.z
      value: 241.83
      objectReference: {fileID: 0}
    - target: {fileID: 4009654013808098, guid: b471d26a5eac87b4086c90c7c0b76f4e, type: 2}
      propertyPath: m_LocalRotation.x
      value: 0
      objectReference: {fileID: 0}
    - target: {fileID: 4009654013808098, guid: b471d26a5eac87b4086c90c7c0b76f4e, type: 2}
      propertyPath: m_LocalRotation.y
      value: 0
      objectReference: {fileID: 0}
    - target: {fileID: 4009654013808098, guid: b471d26a5eac87b4086c90c7c0b76f4e, type: 2}
      propertyPath: m_LocalRotation.z
      value: 0
      objectReference: {fileID: 0}
    - target: {fileID: 4009654013808098, guid: b471d26a5eac87b4086c90c7c0b76f4e, type: 2}
      propertyPath: m_LocalRotation.w
      value: 1
      objectReference: {fileID: 0}
    - target: {fileID: 4009654013808098, guid: b471d26a5eac87b4086c90c7c0b76f4e, type: 2}
      propertyPath: m_RootOrder
      value: 10
      objectReference: {fileID: 0}
    - target: {fileID: 1410880384113558, guid: b471d26a5eac87b4086c90c7c0b76f4e, type: 2}
      propertyPath: m_Name
      value: PTK_Cube_1 (9)
      objectReference: {fileID: 0}
    - target: {fileID: 23777305934327796, guid: b471d26a5eac87b4086c90c7c0b76f4e,
        type: 2}
      propertyPath: m_Materials.Array.data[0]
      value: 
      objectReference: {fileID: 2100000, guid: c56b206169d606441bc20e1a416560ce, type: 2}
    m_RemovedComponents: []
  m_SourcePrefab: {fileID: 100100000, guid: b471d26a5eac87b4086c90c7c0b76f4e, type: 2}
  m_RootGameObject: {fileID: 713687931}
  m_IsPrefabAsset: 0
--- !u!1 &1713027145
GameObject:
  m_ObjectHideFlags: 0
  m_CorrespondingSourceObject: {fileID: 0}
  m_PrefabInternal: {fileID: 0}
  serializedVersion: 6
  m_Component:
  - component: {fileID: 1713027150}
  - component: {fileID: 1713027149}
  - component: {fileID: 1713027148}
  - component: {fileID: 1713027147}
  - component: {fileID: 1713027146}
  m_Layer: 0
  m_Name: Main Camera
  m_TagString: MainCamera
  m_Icon: {fileID: 0}
  m_NavMeshLayer: 0
  m_StaticEditorFlags: 0
  m_IsActive: 1
--- !u!81 &1713027146
AudioListener:
  m_ObjectHideFlags: 0
  m_CorrespondingSourceObject: {fileID: 0}
  m_PrefabInternal: {fileID: 0}
  m_GameObject: {fileID: 1713027145}
  m_Enabled: 1
--- !u!124 &1713027147
Behaviour:
  m_ObjectHideFlags: 0
  m_CorrespondingSourceObject: {fileID: 0}
  m_PrefabInternal: {fileID: 0}
  m_GameObject: {fileID: 1713027145}
  m_Enabled: 1
--- !u!92 &1713027148
Behaviour:
  m_ObjectHideFlags: 0
  m_CorrespondingSourceObject: {fileID: 0}
  m_PrefabInternal: {fileID: 0}
  m_GameObject: {fileID: 1713027145}
  m_Enabled: 1
--- !u!20 &1713027149
Camera:
  m_ObjectHideFlags: 0
  m_CorrespondingSourceObject: {fileID: 0}
  m_PrefabInternal: {fileID: 0}
  m_GameObject: {fileID: 1713027145}
  m_Enabled: 1
  serializedVersion: 2
  m_ClearFlags: 2
  m_BackGroundColor: {r: 0.53676474, g: 0.53676474, b: 0.53676474, a: 0}
  m_projectionMatrixMode: 1
  m_SensorSize: {x: 36, y: 24}
  m_LensShift: {x: 0, y: 0}
  m_FocalLength: 50
  m_NormalizedViewPortRect:
    serializedVersion: 2
    x: 0
    y: 0
    width: 1
    height: 1
  near clip plane: 0.3
  far clip plane: 1000
  field of view: 60
  orthographic: 0
  orthographic size: 5
  m_Depth: -1
  m_CullingMask:
    serializedVersion: 2
    m_Bits: 4294967295
  m_RenderingPath: -1
  m_TargetTexture: {fileID: 0}
  m_TargetDisplay: 0
  m_TargetEye: 3
  m_HDR: 1
  m_AllowMSAA: 1
  m_AllowDynamicResolution: 0
  m_ForceIntoRT: 0
  m_OcclusionCulling: 1
  m_StereoConvergence: 10
  m_StereoSeparation: 0.022
--- !u!4 &1713027150
Transform:
  m_ObjectHideFlags: 0
  m_CorrespondingSourceObject: {fileID: 0}
  m_PrefabInternal: {fileID: 0}
  m_GameObject: {fileID: 1713027145}
  m_LocalRotation: {x: 0.47483838, y: -0, z: -0, w: 0.880073}
  m_LocalPosition: {x: 268.55, y: 4.1, z: 238.6}
  m_LocalScale: {x: 1, y: 1, z: 1}
  m_Children: []
  m_Father: {fileID: 0}
  m_RootOrder: 0
  m_LocalEulerAnglesHint: {x: 56.698, y: 0, z: 0}
--- !u!1 &1766589641
GameObject:
  m_ObjectHideFlags: 0
  m_CorrespondingSourceObject: {fileID: 1410880384113558, guid: b471d26a5eac87b4086c90c7c0b76f4e,
    type: 2}
  m_PrefabInternal: {fileID: 1025476046}
  serializedVersion: 6
  m_Component:
  - component: {fileID: 1766589645}
  - component: {fileID: 1766589644}
  - component: {fileID: 1766589643}
  - component: {fileID: 1766589642}
  m_Layer: 0
  m_Name: PTK_Cube_1 (12)
  m_TagString: Untagged
  m_Icon: {fileID: 0}
  m_NavMeshLayer: 0
  m_StaticEditorFlags: 0
  m_IsActive: 1
--- !u!64 &1766589642
MeshCollider:
  m_ObjectHideFlags: 0
  m_CorrespondingSourceObject: {fileID: 64864707485037938, guid: b471d26a5eac87b4086c90c7c0b76f4e,
    type: 2}
  m_PrefabInternal: {fileID: 1025476046}
  m_GameObject: {fileID: 1766589641}
  m_Material: {fileID: 0}
  m_IsTrigger: 0
  m_Enabled: 1
  serializedVersion: 3
  m_Convex: 0
  m_CookingOptions: 14
  m_SkinWidth: 0.01
  m_Mesh: {fileID: 4300000, guid: 144fafb731a4b4944b48596f3688afb4, type: 3}
--- !u!23 &1766589643
MeshRenderer:
  m_ObjectHideFlags: 0
  m_CorrespondingSourceObject: {fileID: 23777305934327796, guid: b471d26a5eac87b4086c90c7c0b76f4e,
    type: 2}
  m_PrefabInternal: {fileID: 1025476046}
  m_GameObject: {fileID: 1766589641}
  m_Enabled: 1
  m_CastShadows: 0
  m_ReceiveShadows: 1
  m_DynamicOccludee: 1
  m_MotionVectors: 1
  m_LightProbeUsage: 1
  m_ReflectionProbeUsage: 1
  m_RenderingLayerMask: 4294967295
  m_Materials:
  - {fileID: 2100000, guid: 797bf488c630d4c4da4076a24ec6a432, type: 2}
  m_StaticBatchInfo:
    firstSubMesh: 0
    subMeshCount: 0
  m_StaticBatchRoot: {fileID: 0}
  m_ProbeAnchor: {fileID: 0}
  m_LightProbeVolumeOverride: {fileID: 0}
  m_ScaleInLightmap: 1
  m_PreserveUVs: 0
  m_IgnoreNormalsForChartDetection: 0
  m_ImportantGI: 0
  m_StitchLightmapSeams: 0
  m_SelectedEditorRenderState: 3
  m_MinimumChartSize: 4
  m_AutoUVMaxDistance: 0.5
  m_AutoUVMaxAngle: 89
  m_LightmapParameters: {fileID: 0}
  m_SortingLayerID: 0
  m_SortingLayer: 0
  m_SortingOrder: 0
--- !u!33 &1766589644
MeshFilter:
  m_ObjectHideFlags: 0
  m_CorrespondingSourceObject: {fileID: 33084753008688638, guid: b471d26a5eac87b4086c90c7c0b76f4e,
    type: 2}
  m_PrefabInternal: {fileID: 1025476046}
  m_GameObject: {fileID: 1766589641}
  m_Mesh: {fileID: 4300000, guid: 144fafb731a4b4944b48596f3688afb4, type: 3}
--- !u!4 &1766589645
Transform:
  m_ObjectHideFlags: 0
  m_CorrespondingSourceObject: {fileID: 4009654013808098, guid: b471d26a5eac87b4086c90c7c0b76f4e,
    type: 2}
  m_PrefabInternal: {fileID: 1025476046}
  m_GameObject: {fileID: 1766589641}
  m_LocalRotation: {x: 0, y: 0, z: 0, w: 1}
  m_LocalPosition: {x: 267.316, y: 0, z: 239.85}
  m_LocalScale: {x: 1, y: 1, z: 1}
  m_Children: []
  m_Father: {fileID: 0}
  m_RootOrder: 11
  m_LocalEulerAnglesHint: {x: 0, y: 0, z: 0}
--- !u!1 &1817137793
GameObject:
  m_ObjectHideFlags: 0
  m_CorrespondingSourceObject: {fileID: 1410880384113558, guid: b471d26a5eac87b4086c90c7c0b76f4e,
    type: 2}
  m_PrefabInternal: {fileID: 1980623117}
  serializedVersion: 6
  m_Component:
  - component: {fileID: 1817137797}
  - component: {fileID: 1817137796}
  - component: {fileID: 1817137795}
  - component: {fileID: 1817137794}
  m_Layer: 0
  m_Name: PTK_Cube_1
  m_TagString: Untagged
  m_Icon: {fileID: 0}
  m_NavMeshLayer: 0
  m_StaticEditorFlags: 0
  m_IsActive: 1
--- !u!64 &1817137794
MeshCollider:
  m_ObjectHideFlags: 0
  m_CorrespondingSourceObject: {fileID: 64864707485037938, guid: b471d26a5eac87b4086c90c7c0b76f4e,
    type: 2}
  m_PrefabInternal: {fileID: 1980623117}
  m_GameObject: {fileID: 1817137793}
  m_Material: {fileID: 0}
  m_IsTrigger: 0
  m_Enabled: 1
  serializedVersion: 3
  m_Convex: 0
  m_CookingOptions: 14
  m_SkinWidth: 0.01
  m_Mesh: {fileID: 4300000, guid: 144fafb731a4b4944b48596f3688afb4, type: 3}
--- !u!23 &1817137795
MeshRenderer:
  m_ObjectHideFlags: 0
  m_CorrespondingSourceObject: {fileID: 23777305934327796, guid: b471d26a5eac87b4086c90c7c0b76f4e,
    type: 2}
  m_PrefabInternal: {fileID: 1980623117}
  m_GameObject: {fileID: 1817137793}
  m_Enabled: 1
  m_CastShadows: 0
  m_ReceiveShadows: 1
  m_DynamicOccludee: 1
  m_MotionVectors: 1
  m_LightProbeUsage: 1
  m_ReflectionProbeUsage: 1
  m_RenderingLayerMask: 4294967295
  m_Materials:
  - {fileID: 2100000, guid: 774fb2efcf5a06e4ebb09ced855a11c1, type: 2}
  m_StaticBatchInfo:
    firstSubMesh: 0
    subMeshCount: 0
  m_StaticBatchRoot: {fileID: 0}
  m_ProbeAnchor: {fileID: 0}
  m_LightProbeVolumeOverride: {fileID: 0}
  m_ScaleInLightmap: 1
  m_PreserveUVs: 0
  m_IgnoreNormalsForChartDetection: 0
  m_ImportantGI: 0
  m_StitchLightmapSeams: 0
  m_SelectedEditorRenderState: 3
  m_MinimumChartSize: 4
  m_AutoUVMaxDistance: 0.5
  m_AutoUVMaxAngle: 89
  m_LightmapParameters: {fileID: 0}
  m_SortingLayerID: 0
  m_SortingLayer: 0
  m_SortingOrder: 0
--- !u!33 &1817137796
MeshFilter:
  m_ObjectHideFlags: 0
  m_CorrespondingSourceObject: {fileID: 33084753008688638, guid: b471d26a5eac87b4086c90c7c0b76f4e,
    type: 2}
  m_PrefabInternal: {fileID: 1980623117}
  m_GameObject: {fileID: 1817137793}
  m_Mesh: {fileID: 4300000, guid: 144fafb731a4b4944b48596f3688afb4, type: 3}
--- !u!4 &1817137797
Transform:
  m_ObjectHideFlags: 0
  m_CorrespondingSourceObject: {fileID: 4009654013808098, guid: b471d26a5eac87b4086c90c7c0b76f4e,
    type: 2}
  m_PrefabInternal: {fileID: 1980623117}
  m_GameObject: {fileID: 1817137793}
  m_LocalRotation: {x: 0, y: 0, z: 0, w: 1}
  m_LocalPosition: {x: 264.50226, y: 0, z: 241.83}
  m_LocalScale: {x: 1, y: 1, z: 1}
  m_Children: []
  m_Father: {fileID: 0}
  m_RootOrder: 1
  m_LocalEulerAnglesHint: {x: 0, y: 0, z: 0}
--- !u!1001 &1937196539
Prefab:
  m_ObjectHideFlags: 0
  serializedVersion: 2
  m_Modification:
    m_TransformParent: {fileID: 0}
    m_Modifications:
    - target: {fileID: 4009654013808098, guid: b471d26a5eac87b4086c90c7c0b76f4e, type: 2}
      propertyPath: m_LocalPosition.x
      value: 271.42
      objectReference: {fileID: 0}
    - target: {fileID: 4009654013808098, guid: b471d26a5eac87b4086c90c7c0b76f4e, type: 2}
      propertyPath: m_LocalPosition.y
      value: 0
      objectReference: {fileID: 0}
    - target: {fileID: 4009654013808098, guid: b471d26a5eac87b4086c90c7c0b76f4e, type: 2}
      propertyPath: m_LocalPosition.z
      value: 239.85
      objectReference: {fileID: 0}
    - target: {fileID: 4009654013808098, guid: b471d26a5eac87b4086c90c7c0b76f4e, type: 2}
      propertyPath: m_LocalRotation.x
      value: 0
      objectReference: {fileID: 0}
    - target: {fileID: 4009654013808098, guid: b471d26a5eac87b4086c90c7c0b76f4e, type: 2}
      propertyPath: m_LocalRotation.y
      value: 0
      objectReference: {fileID: 0}
    - target: {fileID: 4009654013808098, guid: b471d26a5eac87b4086c90c7c0b76f4e, type: 2}
      propertyPath: m_LocalRotation.z
      value: 0
      objectReference: {fileID: 0}
    - target: {fileID: 4009654013808098, guid: b471d26a5eac87b4086c90c7c0b76f4e, type: 2}
      propertyPath: m_LocalRotation.w
      value: 1
      objectReference: {fileID: 0}
    - target: {fileID: 4009654013808098, guid: b471d26a5eac87b4086c90c7c0b76f4e, type: 2}
      propertyPath: m_RootOrder
      value: 8
      objectReference: {fileID: 0}
    - target: {fileID: 1410880384113558, guid: b471d26a5eac87b4086c90c7c0b76f4e, type: 2}
      propertyPath: m_Name
      value: PTK_Cube_1 (7)
      objectReference: {fileID: 0}
    - target: {fileID: 23777305934327796, guid: b471d26a5eac87b4086c90c7c0b76f4e,
        type: 2}
      propertyPath: m_Materials.Array.data[0]
      value: 
      objectReference: {fileID: 2100000, guid: 639bdae38663ce249835e384c15d06d3, type: 2}
    m_RemovedComponents: []
  m_SourcePrefab: {fileID: 100100000, guid: b471d26a5eac87b4086c90c7c0b76f4e, type: 2}
  m_RootGameObject: {fileID: 1608543953}
  m_IsPrefabAsset: 0
--- !u!1001 &1980623117
Prefab:
  m_ObjectHideFlags: 0
  serializedVersion: 2
  m_Modification:
    m_TransformParent: {fileID: 0}
    m_Modifications:
    - target: {fileID: 4009654013808098, guid: b471d26a5eac87b4086c90c7c0b76f4e, type: 2}
      propertyPath: m_LocalPosition.x
      value: 264.50226
      objectReference: {fileID: 0}
    - target: {fileID: 4009654013808098, guid: b471d26a5eac87b4086c90c7c0b76f4e, type: 2}
      propertyPath: m_LocalPosition.y
      value: 0
      objectReference: {fileID: 0}
    - target: {fileID: 4009654013808098, guid: b471d26a5eac87b4086c90c7c0b76f4e, type: 2}
      propertyPath: m_LocalPosition.z
      value: 241.83
      objectReference: {fileID: 0}
    - target: {fileID: 4009654013808098, guid: b471d26a5eac87b4086c90c7c0b76f4e, type: 2}
      propertyPath: m_LocalRotation.x
      value: 0
      objectReference: {fileID: 0}
    - target: {fileID: 4009654013808098, guid: b471d26a5eac87b4086c90c7c0b76f4e, type: 2}
      propertyPath: m_LocalRotation.y
      value: 0
      objectReference: {fileID: 0}
    - target: {fileID: 4009654013808098, guid: b471d26a5eac87b4086c90c7c0b76f4e, type: 2}
      propertyPath: m_LocalRotation.z
      value: 0
      objectReference: {fileID: 0}
    - target: {fileID: 4009654013808098, guid: b471d26a5eac87b4086c90c7c0b76f4e, type: 2}
      propertyPath: m_LocalRotation.w
      value: 1
      objectReference: {fileID: 0}
    - target: {fileID: 4009654013808098, guid: b471d26a5eac87b4086c90c7c0b76f4e, type: 2}
      propertyPath: m_RootOrder
      value: 1
      objectReference: {fileID: 0}
    m_RemovedComponents: []
  m_SourcePrefab: {fileID: 100100000, guid: b471d26a5eac87b4086c90c7c0b76f4e, type: 2}
  m_RootGameObject: {fileID: 1817137793}
  m_IsPrefabAsset: 0
